@inproceedings{pavlo09,
  author = {Pavlo, Andrew and Paulson, Erik and Rasin, Alexander and Abadi, Daniel J. and Dewitt, David J. and Madden, Samuel and Stonebraker, Michael },
  booktitle = {SIGMOD â€˜09: Proceedings of the 2009 ACM SIGMOD International Conference},
  location = {Providence, Rhode Island, USA},
  month = {June},
  organization = {ACM},
  title = {A Comparison of Approaches to Large-Scale Data Analysis},
  url = {http://database.cs.brown.edu/sigmod09/benchmarks-sigmod09.pdf},
  year = {2009}
}
@misc{bolstad2003comparison,
  title={{A comparison of normalization methods for high density oligonucleotide array data based on variance and bias}},
  author={Bolstad, BM and Irizarry, RA and Astrand, M. and Speed, TP},
  journal={Bioinformatics},
  volume={19},
  number={2},
  pages={185--193},
  year={2003},
  publisher={Oxford Univ Press}
}
@misc{hadoopwebsite,
  title={{Apache Hadoop}},
  author={{Apache Software Foundation}},
  year={{2009}},
  howpublished = "\url{http://hadoop.apache.org/}"
}
